<?xml version="1.0" encoding="UTF-8"?><collection xmlns="http://www.loc.gov/MARC21/slim"><record><leader>00322nam--2200121-i-4500</leader><controlfield tag="001">000025111</controlfield><controlfield tag="002">20161230</controlfield><controlfield tag="005">20161230201035</controlfield><controlfield tag="008">060222s1000------------r-----000-0-eng-d</controlfield><datafield ind1=" " ind2=" " tag="100"><subfield code="a">Dutrannois, Jean And Baarli, John</subfield></datafield><datafield ind1=" " ind2=" " tag="245"><subfield code="a">Cern health physics. personnel radiation control, 1963</subfield></datafield><datafield ind1=" " ind2=" " tag="260"><subfield code="a">25p.+4fig</subfield></datafield><datafield ind1=" " ind2=" " tag="852"><subfield code="a">539.12.08</subfield></datafield></record></collection>